@article{iglesias2015multi,
	title={Multi-atlas segmentation of biomedical images: A survey},
	author={Iglesias, Juan Eugenio and Sabuncu, Mert R},
	journal={Medical Image Analysis},
	volume={24},
	number={1},
	pages={205--219},
	year={2015},
}
@article{duncan2000Medical,
	author={Duncan, J.S. and Ayache, N.},
	journal={IEEE Transactions on Pattern Analysis and Machine Intelligence}, 
	title={Medical image analysis: Progress over two decades and the challenges ahead}, 
	year={2000},
	volume={22},
	number={1},
	pages={85-106},
}
@article{shen2017deep,
	author = {Shen, Dinggang and Wu, Guorong and Suk, Heung-Il},
	title = {{Deep learning in medical image analysis}},
	journal = {Annual Review of Biomedical Engineering},
	volume={19},
	number = {1},
	pages={221-248},
	year={2017},
}
@inproceedings{salpea2022medical,
	title={{Medical image segmentation: A review of modern architectures}},
	author={Salpea, Natalia and Tzouveli, Paraskevi and Kollias, Dimitrios},
	booktitle={European Conference on Computer Vision},
	pages={691-708},
	year={2022},
}
@article{antonelli2022medical,
	title={{The medical segmentation decathlon}},
	author={Antonelli, Michela and Reinke, Annika and Bakas, Spyridon and Farahani, Keyvan and Kopp-Schneider, Annette and Landman, Bennett A and Litjens, Geert and Menze, Bjoern and Ronneberger, Olaf and Summers, Ronald M and others},
	journal={Nature Communications},
	volume={13},
	number={1},
	pages={4128},
	year={2022},
}
@inproceedings{zhang2006adaptive,
	author={Zhang, Ye and Qu, Hongsong and Wang, Yanjie},
	booktitle={{16th International Conference on Artificial Reality and Telexistence--Workshops (ICAT'06)}}, 
	title={{Adaptive image segmentation based on fast thresholding and image merging}}, 
	year={2006},
	volume={},
	number={},
	pages={308-311},
}
@article{senthilkumaran2016image,
	title={Image segmentation by using thresholding techniques for medical images},
	author={Senthilkumaran, N and Vaithegi, S},
	journal={Computer Science \& Engineering: An International Journal},
	volume={6},
	number={1},
	pages={1--13},
	year={2016},
}
@article{chalana1997methodology,
	title={A methodology for evaluation of boundary detection algorithms on medical images},
	author={Chalana, Vikram and Kim, Yongmin},
	journal={IEEE Transactions on Medical Imaging},
	volume={16},
	number={5},
	pages={642--652},
	year={1997},
}
@article{mehena2013medical,
	title={{Medical images edge detection based on mathematical morphology}},
	author={Mehena, J},
	journal={Journal of Computer and Communication Technology},
	volume={4},
	number={1},
	pages={2},
	year={2013}
}
@inproceedings{justice1997medical,
	title={{Medical image segmentation using 3D seeded region growing}},
	author={Justice, R Kyle and Stokely, Ernest M and Strobel, John S and Ideker, Raymond E and Smith, William M},
	booktitle={Medical Imaging 1997: Image Processing},
	volume={3034},
	pages={900--910},
	year={1997},
}
@article{li2012new,
	title={A new unified level set method for semi-automatic liver tumor segmentation on contrast-enhanced CT images},
	author={Li, Bing Nan and Chui, Chee Kong and Chang, Stephen and Ong, Sim Heng},
	journal={Expert Systems with Applications},
	volume={39},
	number={10},
	pages={9661--9668},
	year={2012},
}

@article{boykov2006graph,
	title={{Graph cuts and efficient N-D image segmentation}},
	author={Boykov, Yuri and Funka-Lea, Gareth},
	journal={International Journal of Computer Vision},
	volume={70},
	number={2},
	pages={109--131},
	year={2006},
}
@article{manoharan2020improved,
	title={{Improved version of graph-cut algorithm for CT images of lung cancer With clinical property condition}},
	author={Manoharan, Dr Samuel and Sathesh, A},
	journal={Journal of Artificial Intelligence and Capsule Networks},
	volume={2},
	number={4},
	pages={201--206},
	year={2020}
}
@article{wang2022medical,
	title={Medical image segmentation using deep learning: A survey},
	author={Wang, Risheng and Lei, Tao and Cui, Ruixia and Zhang, Bingtao and Meng, Hongying and Nandi, Asoke K},
	journal={IET Image Processing},
	volume={16},
	number={5},
	pages={1243--1267},
	year={2022},
}
@article{pham2000current,
	title={Current methods in medical image segmentation},
	author={Pham, Dzung L and Xu, Chenyang and Prince, Jerry L},
	journal={Annual Review of Biomedical Engineering},
	volume={2},
	number={1},
	pages={315--337},
	year={2000},
}

@article{hesamian2019deep,
	title={{Deep learning techniques for medical image segmentation: Achievements and challenges}},
	author={Hesamian, Mohammad Hesam and Jia, Wenjing and He, Xiangjian and Kennedy, Paul},
	journal={Journal of Digital Imaging},
	volume={32},
	pages={582--596},
	year={2019},
}
@article{scholl2011challenges,
	title={Challenges of medical image processing},
	author={Scholl, Ingrid and Aach, Til and Deserno, Thomas M and Kuhlen, Torsten},
	journal={Computer Science-Research and Development},
	volume={26},
	pages={5--13},
	year={2011},
}
@article{mccrindle2021radiology,
	title={{A Radiology-focused review of predictive uncertainty for AI interpretability in computer-assisted segmentation}},
	author={McCrindle, Brian and Zukotynski, Katherine and Doyle, Thomas E and Noseworthy, Michael D},
	journal={Radiology: Artificial Intelligence},
	volume={3},
	number={6},
	pages={e210031},
	year={2021},
}
@inproceedings{xie2021cotr,
	title={{CoTr: Efficiently bridging CNN and Transformer for 3D medical image segmentation}},
	author={Xie, Yutong and Zhang, Jianpeng and Shen, Chunhua and Xia, Yong},
	booktitle={Medical Image Computing and Computer Assisted Intervention -- MICCAI 2021},
	pages={171--180},
	year={2021},
}
@article{bao2018multi,
	title={{Multi-scale structured CNN with label consistency for brain MR image segmentation}},
	author={Bao, Siqi and Chung, Albert CS},
	journal={Computer Methods in Biomechanics and Biomedical Engineering: Imaging \& Visualization},
	volume={6},
	number={1},
	pages={113--117},
	year={2018},
}
@article{cheplygina2019cats,
	title={{Cats or cat scans: Transfer learning from natural or medical image source data sets?}},
	author={Cheplygina, Veronika},
	journal={Current Opinion in Biomedical Engineering},
	volume={9},
	pages={21--27},
	year={2019},
}

@article{karimi2021transfer,
	title={Transfer learning in medical image segmentation: New insights from analysis of the dynamics of model parameters and learned representations},
	author={Karimi, Davood and Warfield, Simon K and Gholipour, Ali},
	journal={Artificial Intelligence in Medicine},
	volume={116},
	pages={102078},
	year={2021},
}

@article{li2024scribformer,
	title={{ScribFormer: Transformer makes CNN work better for scribble-based medical image segmentation}},
	author={Li, Zihan and Zheng, Yuan and Shan, Dandan and Yang, Shuzhou and Li, Qingde and Wang, Beizhan and Zhang, Yuanting and Hong, Qingqi and Shen, Dinggang},
	journal={IEEE Transactions on Medical Imaging},
	year={2024},
	pages={1-1},
	publisher={IEEE}
}


@article{ouyang2023lea,
	title={{LEA U-Net: A U-Net-based deep learning framework with local feature enhancement and attention for retinal vessel segmentation}},
	author={Ouyang, Jihong and Liu, Siguang and Peng, Hao and Garg, Harish and Thanh, Dang NH},
	journal={Complex \& Intelligent Systems},
	volume={9},
	number={6},
	pages={6753--6766},
	year={2023},
}


@article{mcculloch1943logical,
	title={A logical calculus of the ideas immanent in nervous activity},
	author={McCulloch, Warren S and Pitts, Walter},
	journal={The Bulletin of Mathematical Biophysics},
	volume={5},
	pages={115--133},
	year={1943},
}

@article{hoorali2022irunet,
	title={IRUNet for medical image segmentation},
	author={Hoorali, Fatemeh and Khosravi, Hossein and Moradi, Bagher},
	journal={Expert Systems with Applications},
	volume={191},
	pages={116399},
	year={2022},
}

@article{chen2023dseu,
	title={{DSEU-net: A novel deep supervision SEU-net for medical ultrasound image segmentation}},
	author={Chen, Gongping and Liu, Yuming and Qian, Jiang and Zhang, Jianxun and Yin, Xiaotao and Cui, Liang and Dai, Yu},
	journal={Expert Systems with Applications},
	volume={223},
	pages={119939},
	year={2023},
}

@article{yap2017automated,
	title={{Automated breast ultrasound lesions detection using convolutional neural networks}},
	author={Yap, Moi Hoon and Pons, Gerard and Marti, Joan and Ganau, Sergi and Sentis, Melcior and Zwiggelaar, Reyer and Davison, Adrian K and Marti, Robert},
	journal={IEEE Journal of Biomedical and Health Informatics},
	volume={22},
	number={4},
	pages={1218--1226},
	year={2017},
	publisher={IEEE}
}
@article{li2022global,
	title={{Global Transformer and dual local attention network via deep-  hierarchical feature fusion for retinal vessel segmentation}},
	author={Li, Yang and Zhang, Yue and Liu, Jing-Yu and Wang, Kang and Zhang, Kai and Zhang, Gen-Sheng and Liao, Xiao-Feng and Yang, Guang},
	journal={IEEE Transactions on Cybernetics},
	year={2023},
	volume={53},
	number={9},
	pages={5826-5839},
	publisher={IEEE}
}
@article{ji2022survey,
	title={A survey on dendritic neuron model: Mechanisms, algorithms and practical applications},
	author={Ji, Junkai and Tang, Cheng and Zhao, Jiajun and Tang, Zheng and Todo, Yuki},
	journal={Neurocomputing},
	volume={489},
	pages={390--406},
	year={2022},
	publisher={Elsevier}
}
@article{zhou2016financial,
	title={Financial time series prediction using a dendritic neuron model},
	author={Zhou, Tianle and Gao, Shangce and Wang, Jiahai and Chu, Chaoyi and Todo, Yuki and Tang, Zheng},
	journal={Knowledge-Based Systems},
	volume={105},
	pages={214--224},
	year={2016},
	publisher={Elsevier}
}
@article{zhuang2019rdau,
	title={{An RDAU-NET model for lesion segmentation in breast ultrasound images}},
	author={Zhuang, Zhemin and Li, Nan and Joseph Raj, Alex Noel and Mahesh, Vijayalakshmi GV and Qiu, Shunmin},
	journal={PloS one},
	volume={14},
	number={8},
	pages={e0221535},
	year={2019},
	publisher={Public Library of Science San Francisco, CA USA}
}
@article{jin2023novel,
	title={A novel medical image segmentation approach by using multi-branch segmentation network based on local and global information synchronous learning},
	author={Jin, Shangzhu and Yu, Sheng and Peng, Jun and Wang, Hongyi and Zhao, Yan},
	journal={Scientific Reports},
	volume={13},
	number={1},
	pages={6762},
	year={2023},
	publisher={Nature Publishing Group UK London}
}
@article{chen2023rrcnet,
	title={{RRCNet: Refinement residual convolutional network for breast ultrasound images segmentation}},
	author={Chen, Gongping and Dai, Yu and Zhang, Jianxun},
	journal={Engineering Applications of Artificial Intelligence},
	volume={117},
	pages={105601},
	year={2023},
	publisher={Elsevier}
}
@article{koch1982retinal,
	title={Retinal ganglion cells: A functional interpretation of dendritic morphology},
	author={Koch, Christof and Poggio, Tomaso and Torre, Vincent},
	journal={Philosophical Transactions of the Royal Society of London. B, Biological Sciences},
	volume={298},
	number={1090},
	pages={227--263},
	year={1982},
	publisher={The Royal Society London}
}

@ARTICLE{Lv2023Local,
	title={{Local feature matters: Cascade multi-scale MLP for edge segmentation of medical images}},
	author={Lv, Jinkai and Hu, Yuyong and Fu, Quanshui and Hu, Yuqiang and Lv, Lin and Yang, Guoqing and Li, Jinpeng and Zhao, Yi},
	journal={IEEE Transactions on NanoBioscience},
	year={2023},
	volume={22},
	number={4},
	pages={828-835},
	publisher={IEEE}
}

@article{iqbal2023bts,
	title={BTS-ST: Swin Transformer network for segmentation and classification of multimodality breast cancer images},
	author={Iqbal, Ahmed and Sharif, Muhammad},
	journal={Knowledge-Based Systems},
	volume={267},
	pages={110393},
	year={2023},
	publisher={Elsevier}
}
@inproceedings{he2016deep,
	title={{Deep residual learning for image recognition}},
	author={He, Kaiming and Zhang, Xiangyu and Ren, Shaoqing and Sun, Jian},
	booktitle={Proceedings of the IEEE Conference on Computer Vision and Pattern Recognition (CVPR)},
	pages={770--778},
	year={2016}
}
@inproceedings{ronneberger2015u,
	title={U-net: Convolutional networks for biomedical image segmentation},
	author={Ronneberger, Olaf and Fischer, Philipp and Brox, Thomas},
	booktitle={Medical Image Computing and Computer-Assisted Intervention -- MICCAI 2015},
	pages={234--241},
	year={2015},
}
@inproceedings{wang2018understanding,
	title={{Understanding Convolution for Semantic Segmentation}},
	author={Wang, Panqu and Chen, Pengfei and Yuan, Ye and Liu, Ding and Huang, Zehua and Hou, Xiaodi and Cottrell, Garrison},
	booktitle={2018 IEEE winter conference on applications of computer vision (WACV)},
	pages={1451--1460},
	year={2018},
}
@article{chen2017deeplab,
	title={{DeepLab: Semantic image segmentation with deep convolutional nets, atrous convolution, and fully connected CRFs}},
	author={Chen, Liang-Chieh and Papandreou, George and Kokkinos, Iasonas and Murphy, Kevin and Yuille, Alan L},
	journal={IEEE Transactions on Pattern Analysis and Machine Intelligence},
	volume={40},
	number={4},
	pages={834--848},
	year={2017},
	publisher={IEEE}
}
@inproceedings{zhao2020rethinking,
	author={Zhao, Rongjian and Qian, Buyue and Zhang, Xianli and Li, Yang and Wei, Rong and Liu, Yang and Pan, Yinggang},
	booktitle={2020 IEEE International Conference on Data Mining (ICDM)}, 
	title={{Rethinking dice loss for medical image segmentation}}, 
	year={2020},
	volume={},
	number={},
	pages={851-860},
}
@inproceedings{rezatofighi2019generalized,
	author = {Rezatofighi, Hamid and Tsoi, Nathan and Gwak, JunYoung and Sadeghian, Amir and Reid, Ian and Savarese, Silvio},
	title = {{Generalized intersection over union: A metric and a loss for bounding box regression}},
	booktitle = {Proceedings of the IEEE/CVF Conference on Computer Vision and Pattern Recognition (CVPR)},
	month = {June},
	year = {2019},
	pages={658-666}
}
@article{lin2017focal,
	author={Lin, Tsung-Yi and Goyal, Priya and Girshick, Ross and He, Kaiming and Dollár, Piotr},
	journal={IEEE Transactions on Pattern Analysis and Machine Intelligence}, 
	title={{Focal loss for dense object detection}}, 
	year={2020},
	volume={42},
	number={2},
	pages={318-327},
}
@article{yeung2022unified,
	title={Unified focal loss: Generalising dice and cross entropy-based losses to handle class imbalanced medical image segmentation},
	author={Yeung, Michael and Sala, Evis and Sch{\"o}nlieb, Carola-Bibiane and Rundo, Leonardo},
	journal={Computerized Medical Imaging and Graphics},
	volume={95},
	pages={102026},
	year={2022},
}
@inproceedings{vaswani2017attention,
	title={{Attention is all you need}},
	author={Vaswani, Ashish and Shazeer, Noam and Parmar, Niki and Uszkoreit, Jakob and Jones, Llion and Gomez, Aidan N and Kaiser, {\L}ukasz and Polosukhin, Illia},
	booktitle = {Advances in Neural Information Processing Systems},
	volume={30},
	year={2017},
}
@article{chen2021transunet,
	title={{TransUNet: Transformers make strong encoders for medical image segmentation}},
	author={Chen, Jieneng and Lu, Yongyi and Yu, Qihang and Luo, Xiangde and Adeli, Ehsan and Wang, Yan and Lu, Le and Yuille, Alan L and Zhou, Yuyin},
	journal={arXiv preprint arXiv:2102.04306},
	year={2021}
}
@article{gu2020net,
	title={{CA-Net: Comprehensive attention convolutional neural networks for explainable medical image segmentation}},
	author={Gu, Ran and Wang, Guotai and Song, Tao and Huang, Rui and Aertsen, Michael and Deprest, Jan and Ourselin, S{\'e}bastien and Vercauteren, Tom and Zhang, Shaoting},
	journal={IEEE Transactions on Medical Imaging},
	volume={40},
	number={2},
	pages={699--711},
	year={2020},
}
@inproceedings{wang2021transbts,
	title={Transbts: Multimodal brain tumor segmentation using transformer},
	author={Wang, Wenxuan and Chen, Chen and Ding, Meng and Yu, Hong and Zha, Sen and Li, Jiangyun},
	booktitle={Medical Image Computing and Computer Assisted Intervention -- MICCAI 2021},
	pages={109--119},
	year={2021},
}
@inproceedings{dosovitskiy2020image,
	title={{An image is worth 16x16 words: Transformers for image recognition at scale}},
	author={Dosovitskiy, Alexey and Beyer, Lucas and Kolesnikov, Alexander and Weissenborn, Dirk and Zhai, Xiaohua and Unterthiner, Thomas and Dehghani, Mostafa and Minderer, Matthias and Heigold, Georg and Gelly, Sylvain and others},
	booktitle={International Conference on Learning Representations (ICLR)},
	year={2021}
}
@inproceedings{cao2022swin,
	title={{Swin-Unet: Unet-like pure Transformer for medical image segmentation}},
	author={Cao, Hu and Wang, Yueyue and Chen, Joy and Jiang, Dongsheng and Zhang, Xiaopeng and Tian, Qi and Wang, Manning},
	booktitle={European Conference on Computer Vision},
	pages={205--218},
	year={2022},
}
@inproceedings{liu2021swin,
	title={{Swin Transformer: Hierarchical vision Transformer using shifted windows}},
	author={Liu, Ze and Lin, Yutong and Cao, Yue and Hu, Han and Wei, Yixuan and Zhang, Zheng and Lin, Stephen and Guo, Baining},
	booktitle = {Proceedings of the IEEE/CVF International Conference on Computer Vision (ICCV)},
	pages={10012--10022},
	year={2021}
}
@article{zhang2024lightweight,
	author={Zhang, Yu and Cai, Pengxing and Sun, Yanan and Zhang, Zhiming and Lei, Zhenyu and Gao, Shangce},
	journal={IEEE Transactions on Artificial Intelligence}, 
	title={{A Lightweight multi-dendritic pyramidal neuron model with neural plasticity on image recognition}}, 
	year={2024},
	volume={},
	number={},
	pages={1-13},
	doi={10.1109/TAI.2024.3379968},
}
@article{chen2022aau,
	author={Chen, Gongping and Li, Lei and Dai, Yu and Zhang, Jianxun and Yap, Moi Hoon},
	journal={IEEE Transactions on Medical Imaging}, 
	title={{AAU-Net: An adaptive attention U-Net for breast lesions segmentation in ultrasound images}}, 
	year={2023},
	volume={42},
	number={5},
	pages={1289-1300},
}
@article{lan2024brau,
	title={{BRAU-Net++: U-Shaped hybrid CNN-Transformer network for medical image segmentation}},
	author={Lan, Libin and Cai, Pengzhou and Jiang, Lu and Liu, Xiaojuan and Li, Yongmei and Zhang, Yudong},
	journal={arXiv preprint arXiv:2401.00722},
	year={2024}
}
@article{srivastava2021msrf,
	author={Srivastava, Abhishek and Jha, Debesh and Chanda, Sukalpa and Pal, Umapada and Johansen, Håvard D. and Johansen, Dag and Riegler, Michael A. and Ali, Sharib and Halvorsen, Pål},
	journal={IEEE Journal of Biomedical and Health Informatics}, 
	title={{MSRF-Net: A multi-scale residual fusion network for biomedical image segmentation}}, 
	year={2022},
	volume={26},
	number={5},
	pages={2252-2263},
}
@inproceedings{yu2015multi,
	title={{Multi-scale context aggregation by dilated convolutions}},
	author={Yu, Fisher and Koltun, Vladlen},
	booktitle={International Conference on Learning Representations (ICLR)},
	year={2015}
}
@inproceedings{liu2016parsenet,
	title={{ParseNet: Looking wider to see b etter}},
	author={Liu, Wei and Rabinovich, Andrew and Berg, Alexander C},
	booktitle={International Conference on Learning Representations (ICLR)},
	year={2016}
}
@inproceedings{chen2018encoder,
	author = {Chen, Liang-Chieh and Zhu, Yukun and Papandreou, George and Schroff, Florian and Adam, Hartwig},
	title = {{Encoder-decoder with atrous separable convolution for semantic image segmentation}},
	booktitle = {Proceedings of the European Conference on Computer Vision (ECCV)},
	month = {September},
	pages={801--818},
	year = {2018}
}
@article{aljabri2022review,
	title={A review on the use of deep learning for medical images segmentation},
	author={Aljabri, Manar and AlGhamdi, Manal},
	journal={Neurocomputing},
	volume={506},
	pages={311--335},
	year={2022},
}
@inproceedings{hamaguchi2018effective,
	author={Hamaguchi, Ryuhei and Fujita, Aito and Nemoto, Keisuke and Imaizumi, Tomoyuki and Hikosaka, Shuhei},
	booktitle={2018 IEEE Winter Conference on Applications of Computer Vision (WACV)}, 
	title={{Effective use of dilated convolutions for segmenting small object instances in remote sensing imagery}}, 
	year={2018},
	volume={},
	number={},
	pages={1442-1450},
}
@article{bas2024robust,
	title={Robust training of median dendritic artificial neural networks for time series forecasting},
	author={Bas, Eren and Egrioglu, Erol and Cansu, Turan},
	journal={Expert Systems with Applications},
	volume={238},
	pages={122080},
	year={2024},
	publisher={Elsevier}
}
@article{tang2022adopting,
	title={Adopting a dendritic neural model for predicting stock price index movement},
	author={Tang, Yajiao and Song, Zhenyu and Zhu, Yulin and Hou, Maozhang and Tang, Cheng and Ji, Junkai},
	journal={Expert Systems with Applications},
	volume={205},
	pages={117637},
	year={2022},
}
@inproceedings{liu2020color,
	title={{Color enhancement using global parameters and local features learning}},
	author={Liu, Enyu and Li, Songnan and Liu, Shan},
	booktitle={Proceedings of the Asian Conference on Computer Vision (ACCV)},
	year={2020}
}
@inproceedings{long2015fully,
	title={{Fully convolutional networks for semantic segmentation}},
	author={Long, Jonathan and Shelhamer, Evan and Darrell, Trevor},
	booktitle = {Proceedings of the IEEE Conference on Computer Vision and Pattern Recognition (CVPR)},
	pages={3431--3440},
	year={2015}
}
@inproceedings{maftouni2021robust,
	title={{A robust ensemble-deep learning model for COVID-19 diagnosis based on an integrated CT scan images database}},
	author={Maftouni, Maede and Law, Andrew Chung Chee and Shen, Bo and Grado, Zhenyu James Kong and Zhou, Yangze and Yazdi, Niloofar Ayoobi},
	booktitle={IIE Annual Conference. Proceedings},
	pages={632--637},
	year={2021},
}
@inproceedings{oktay2018attention,
	title={{Attention U-Net: Learning where to look for the pancreas}},
	author={Ozan Oktay and Jo Schlemper and Loic Le Folgoc and Matthew Lee and Mattias Heinrich and Kazunari Misawa and Kensaku Mori and Steven McDonagh and Nils Y Hammerla and Bernhard Kainz and Ben Glocker and Daniel Rueckert},
	booktitle={Medical Imaging with Deep Learning},
	year={2018},
}
@article{fu2023deep,
	title={Deep supervision feature refinement attention network for medical image segmentation},
	author={Fu, Zhaojin and Li, Jinjiang and Hua, Zhen and Fan, Linwei},
	journal={Engineering Applications of Artificial Intelligence},
	volume={125},
	pages={106666},
	year={2023},
}
@article{badrinarayanan2017segnet,
	title={{SegNet: A deep convolutional encoder-decoder architecture for image segmentation}},
	author={Badrinarayanan, Vijay and Kendall, Alex and Cipolla, Roberto},
	journal={IEEE Transactions on Pattern Analysis and Machine Intelligence},
	volume={39},
	number={12},
	pages={2481--2495},
	year={2017},
}
@article{japkowicz2002class,
	title={The class imbalance problem: A systematic study},
	author={Japkowicz, Nathalie and Stephen, Shaju},
	journal={Intelligent Data Analysis},
	volume={6},
	number={5},
	pages={429--449},
	year={2002},
	publisher={IOS Press}
}
@inproceedings{zheng2015conditional,
	title={{Conditional random fields as recurrent neural networks}},
	author={Zheng, Shuai and Jayasumana, Sadeep and Romera-Paredes, Bernardino and Vineet, Vibhav and Su, Zhizhong and Du, Dalong and Huang, Chang and Torr, Philip HS},
	booktitle = {Proceedings of the IEEE/CVF International Conference on Computer Vision (ICCV)},
	pages={1529--1537},
	year={2015}
}
@article{gao2018dendritic,
	title={{Dendritic neuron model with effective learning algorithms for classification, approximation, and prediction}},
	author={Gao, Shangce and Zhou, Mengchu and Wang, Yirui and Cheng, Jiujun and Yachi, Hanaki and Wang, Jiahai},
	journal={IEEE Transactions on Neural Networks and Learning Systems},
	volume={30},
	number={2},
	pages={601--614},
	year={2019},
}
@article{li2020power,
	title={Power-efficient neural network with artificial dendrites},
	author={Li, Xinyi and Tang, Jianshi and Zhang, Qingtian and Gao, Bin and Yang, J Joshua and Song, Sen and Wu, Wei and Zhang, Wenqiang and Yao, Peng and Deng, Ning and others},
	journal={Nature Nanotechnology},
	volume={15},
	number={9},
	pages={776--782},
	year={2020},
}

@article{egrioglu2022recurrent,
	title={Recurrent dendritic neuron model artificial neural network for time series forecasting},
	author={Egrioglu, Erol and Ba{\c{s}}, Eren and Chen, Mu-Yen},
	journal={Information Sciences},
	volume={607},
	pages={572--584},
	year={2022},
}
@article{gao2021fully,
	title={{Fully complex-valued dendritic neuron model}},
	author={Gao, Shangce and Zhou, MengChu and Wang, Ziqian and Sugiyama, Daiki and Cheng, Jiujun and Wang, Jiahai and Todo, Yuki},
	journal={IEEE Transactions on Neural Networks and Learning Systems},
	year={2023},
	volume={34},
	number={4},
	pages={2105-2118},
}
@article{liu2021dendrite,
	title={{Dendrite net: A white-box module for classification, regression, and system identification}},
	author={Liu, Gang and Wang, Jing},
	journal={IEEE Transactions on Cybernetics},
	volume={52},
	number={12},
	pages={13774--13787},
	year={2021},
}
@article{richards2019deep,
	title={A deep learning framework for neuroscience},
	author={Richards, Blake A and Lillicrap, Timothy P and Beaudoin, Philippe and Bengio, Yoshua and Bogacz, Rafal and Christensen, Amelia and Clopath, Claudia and Costa, Rui Ponte and de Berker, Archy and Ganguli, Surya and others},
	journal={Nature Neuroscience},
	volume={22},
	number={11},
	pages={1761--1770},
	year={2019},
	publisher={Nature Publishing Group US New York}
}
@article{LARKUM20224,
	title = {{Are dendrites conceptually useful?}},
	journal = {Neuroscience},
	volume = {489},
	pages = {4-14},
	year = {2022},
	note = {{Dendritic} contributions to biological and artificial computations},
	issn = {0306-4522},
	author = {Matthew E. Larkum},
}

@article{li2023dendritic,
	title={Dendritic deep residual learning for COVID-19 prediction},
	author={Li, Jiayi and Liu, Zhipeng and Wang, Rong-Long and Gao, Shangce},
	journal={IEEJ Transactions on Electrical and Electronic Engineering},
	volume={18},
	number={2},
	pages={297--299},
	year={2023},
}
@article{zhang2024dendritic,
	title={Dendritic learning-incorporated vision {Transformer} for image recognition},
	author={Zhang, Zhiming and Lei, Zhenyu and Omura, Masaaki and Hasegawa, Hideyuki and Gao, Shangce},
	journal={IEEE/CAA Journal of Automatica Sinica},
	volume={11},
	number={2},
	pages={539--541},
	year={2024},
}
@inproceedings{zhou2018unet++,
	title={{UNet++: A nested U-Net architecture for medical image segmentation}},
	author={Zhou, Zongwei and Rahman Siddiquee, Md Mahfuzur and Tajbakhsh, Nima and Liang, Jianming},
	booktitle={{Deep Learning in Medical Image Analysis and Multimodal Learning for Clinical Decision Support}},
	pages={3--11},
	year={2018},
}
@inproceedings{zhao2017pyramid,
	title={{Pyramid scene parsing network}},
	author={Zhao, Hengshuang and Shi, Jianping and Qi, Xiaojuan and Wang, Xiaogang and Jia, Jiaya},
	booktitle = {Proceedings of the IEEE Conference on Computer Vision and Pattern Recognition (CVPR)},
	pages={2881--2890},
	year={2017}
}
@article{LATEEF2019321,
	title = {Survey on semantic segmentation using deep learning techniques},
	journal = {Neurocomputing},
	volume = {338},
	pages = {321-348},
	year = {2019},
	issn = {0925-2312},
	author = {Fahad Lateef and Yassine Ruichek}
}
@article{NING2022108873,
	title = {{HCFNN}: High-order coverage function neural network for image classification},
	journal = {Pattern Recognition},
	volume = {131},
	pages = {108873},
	year = {2022},
	issn = {0031-3203},
	author = {Xin Ning and Weijuan Tian and Zaiyang Yu and Weijun Li and Xiao Bai and Yuebao Wang},
}
@inproceedings{milletari2016v,
	title={V-net: Fully convolutional neural networks for volumetric medical image segmentation},
	author={Milletari, Fausto and Navab, Nassir and Ahmadi, Seyed-Ahmad},
	booktitle={2016 fourth international conference on 3D vision (3DV)},
	pages={565--571},
	year={2016},
}